<?xml version="1.0" encoding="utf-8"?>
<record xmlns="http://www.loc.gov/MARC21/slim" xmlns:xsi="http://www.w3.org/2001/XMLSchema-instance" xsi:schemaLocation="http://www.loc.gov/MARC21/slim http://www.loc.gov/standards/marcxml/schema/MARC21slim.xsd">
	<leader>     nam a22     Mi 4500</leader>
	<controlfield tag="001">857279</controlfield>
	<controlfield tag="003">NjP</controlfield>
	<controlfield tag="006">m        d        </controlfield>
	<controlfield tag="007">cr cn |||m|||a</controlfield>
	<controlfield tag="008">191218s1885    ti      o     000 0 ara d</controlfield>
	<datafield ind1=" " ind2=" " tag="040">
		<subfield code="a">ZYU</subfield>
		<subfield code="b">ara</subfield>
		<subfield code="e">rda</subfield>
		<subfield code="c">ZYU</subfield>
	</datafield>
	<datafield ind1="1" ind2=" " tag="100">
		<subfield code="6">880-01</subfield>
		<subfield code="a">Rashīdī, ʻUmar ibn ʻAlī,</subfield>
		<subfield code="d">-1356.</subfield>
	</datafield>
	<datafield ind1="1" ind2="0" tag="240">
		<subfield code="6">880-02</subfield>
		<subfield code="a">Ibtisām al-ghurūs wa-washá al-ṭurūs fī manāqib quṭb al-aqṭāb wa-al-ghawth al-multajā ilayhi bi-lā irtiyāb al-sāmī maqāmihi alladhī intasharat ʻalá āfāq al-basīṭah aʻlāmihi al-muḥī riyāḍ al-ʻulūm al-ḥaqīqah baʻd al-durūs waḥīd dahrihi wa-farīd ʻaṣrihi Sayyidī Aḥmad ibn ʻArūs</subfield>
	</datafield>
	<datafield ind1="1" ind2="0" tag="245">
		<subfield code="6">880-03</subfield>
		<subfield code="a">Hādhā Kitāb ibtisām al-ghurūs wa-washá al-ṭurūs fī manāqib quṭb al-aqṭāb wa-al-ghawth al-multajā ilayhi bi-lā irtiyāb al-sāmī maqāmihi alladhī intasharat ʻalá āfāq al-basīṭah aʻlāmihi al-muḥī riyāḍ al-ʻulūm al-ḥaqīqah baʻd al-durūs waḥīd dahrihi wa-farīd ʻaṣrihi Sayyidī Aḥmad ibn ʻArūs /</subfield>
		<subfield code="c">taʼlīf ʻUmar ibn ʻAlī al-Jazāʼirī al-Rāshidī.</subfield>
	</datafield>
	<datafield ind1="3" ind2=" " tag="246">
		<subfield code="6">880-04</subfield>
		<subfield code="a">Ibtisām al-ghurūs wa-washá al-ṭurūs fī manāqib quṭb al-aqṭāb wa-al-ghawth al-multajā ilayhi bi-lā irtiyāb al-sāmī maqāmihi alladhī intasharat ʻalá āfāq al-basīṭah aʻlāmihi al-muḥī riyāḍ al-ʻulūm al-ḥaqīqah baʻd al-durūs waḥīd dahrihi wa-farīd ʻaṣrihi Sayyidī Aḥmad ibn ʻArūs</subfield>
	</datafield>
	<datafield ind1=" " ind2=" " tag="250">
		<subfield code="6">880-05</subfield>
		<subfield code="a">al-Ṭabʻah 1.</subfield>
	</datafield>
	<datafield ind1=" " ind2=" " tag="260">
		<subfield code="6">880-06</subfield>
		<subfield code="a">[Tunis] :</subfield>
		<subfield code="b">Maṭbaʻat al-Dawlah al-Tūnisīyah,</subfield>
		<subfield code="c">1303 [1885 or 1886]</subfield>
	</datafield>
	<datafield ind1=" " ind2=" " tag="300">
		<subfield code="a">online resource (522 pages)</subfield>
	</datafield>
	<datafield ind1=" " ind2=" " tag="336">
		<subfield code="a">text</subfield>
		<subfield code="2">rdacontent</subfield>
	</datafield>
	<datafield ind1=" " ind2=" " tag="337">
		<subfield code="a">computer</subfield>
		<subfield code="2">rdamedia</subfield>
	</datafield>
	<datafield ind1=" " ind2=" " tag="338">
		<subfield code="a">online resource</subfield>
		<subfield code="2">rdacarrier</subfield>
	</datafield>
	<datafield ind1=" " ind2=" " tag="500">
		<subfield code="a">Part of the Arabic Collections Online (ACO) project, contributed by Princeton University Libraries.</subfield>
	</datafield>
	<datafield ind1=" " ind2=" " tag="533">
		<subfield code="a">Electronic reproduction.</subfield>
		<subfield code="b">New York, N.Y. :</subfield>
		<subfield code="c">New York University,</subfield>
		<subfield code="d">2019.</subfield>
		<subfield code="5">NNU</subfield>
	</datafield>
	<datafield ind1="1" ind2="0" tag="600">
		<subfield code="a">Ibn ʻArūs, Aḥmad,</subfield>
		<subfield code="d">-1463 or 1464.</subfield>
	</datafield>
	<datafield ind1="1" ind2="7" tag="600">
		<subfield code="a">Ibn ʻArūs, Aḥmad,</subfield>
		<subfield code="d">-1463 or 1464.</subfield>
		<subfield code="2">fast</subfield>
		<subfield code="0">(OCoLC)fst01825411</subfield>
	</datafield>
	<datafield ind1="2" ind2=" " tag="710">
		<subfield code="a">Princeton University.</subfield>
		<subfield code="b">Library.</subfield>
	</datafield>
	<datafield ind1="0" ind2=" " tag="730">
		<subfield code="a">Arabic Collections Online.</subfield>
	</datafield>
	<datafield ind1="0" ind2="8" tag="776">
		<subfield code="i">Online version:</subfield>
		<subfield code="a">Rashīdī, ʻUmar ibn ʻAlī, -1356.</subfield>
		<subfield code="s">Ibtisām al-ghurūs wa-washá al-ṭurūs fī manāqib quṭb al-aqṭāb wa-al-ghawth al-multajā ilayhi bi-lā irtiyāb al-sāmī maqāmihi alladhī intasharat ʻalá āfāq al-basīṭah aʻlāmihi al-muḥī riyāḍ al-ʻulūm al-ḥaqīqah baʻd al-durūs waḥīd dahrihi wa-farīd ʻaṣrihi Sayyidī Aḥmad ibn ʻArūs.</subfield>
		<subfield code="t">Hādhā Kitāb ibtisām al-ghurūs wa-washá al-ṭurūs fī manāqib quṭb al-aqṭāb wa-al-ghawth al-multajā ilayhi bi-lā irtiyāb al-sāmī maqāmihi alladhī intasharat ʻalá āfāq al-basīṭah aʻlāmihi al-muḥī riyāḍ al-ʻulūm al-ḥaqīqah baʻd al-durūs waḥīd dahrihi wa-farīd ʻaṣrihi Sayyidī Aḥmad ibn ʻArūs.</subfield>
		<subfield code="b">al-Ṭabʻah 1.</subfield>
		<subfield code="d">[Tunis] : Maṭbaʻat al-Dawlah al-Tūnisīyah, 1303 [1885 or 1886]</subfield>
		<subfield code="w">(OCoLC)656600830</subfield>
	</datafield>
	<datafield ind1="0" ind2="8" tag="776">
		<subfield code="i">Print version:</subfield>
		<subfield code="a">Rashīdī, ʻUmar ibn ʻAlī, -1356.</subfield>
		<subfield code="t">Hādhā Kitāb ibtisām al-ghurūs wa-washá al-ṭurūs fī manāqib quṭb al-aqṭāb wa-al-ghawth al-multajā ilayhi bi-lā irtiyāb al-sāmī maqāmihi alladhī intasharat ʻalá āfāq al-basīṭah aʻlāmihi al-muḥī riyāḍ al-ʻulūm al-ḥaqīqah baʻd al-durūs waḥīd dahrihi wa-farīd ʻaṣrihi Sayyidī Aḥmad ibn ʻArūs</subfield>
		<subfield code="w">(NjP)857279</subfield>
		<subfield code="w">(OCoLC)30141354</subfield>
	</datafield>
	<datafield ind1="4" ind2="0" tag="856">
		<subfield code="u">http://hdl.handle.net/2333.1/dv41p29q</subfield>
	</datafield>
	<datafield ind1="1" ind2=" " tag="880">
		<subfield code="6">100-01</subfield>
		<subfield code="a">رشيدي، عمر بن علي،</subfield>
		<subfield code="d">-1356.</subfield>
	</datafield>
	<datafield ind1="1" ind2="0" tag="880">
		<subfield code="6">240-02</subfield>
		<subfield code="a">ابتسام الغروس ووشى الطروس في مناقب قطب الاقطاب والغوث الملتجا اليه بلا ارتياب السامي مقامه الذي انتشرت على آفاق البسيطة اعلامه المحي رياض العلوم الحقيقة بعد الدروس وحيد دهره وفريد عصره سيدي احمد بن عروس</subfield>
	</datafield>
	<datafield ind1="1" ind2="0" tag="880">
		<subfield code="6">245-03</subfield>
		<subfield code="a">هذا كتاب ابتسام الغروس ووشى الطروس في مناقب قطب الاقطاب والغوث الملتجا اليه بلا ارتياب السامي مقامه الذي انتشرت على آفاق البسيطة اعلامه المحي رياض العلوم الحقيقة بعد الدروس وحيد دهره وفريد عصره سيدي احمد بن عروس /</subfield>
		<subfield code="c">تأليف عمر بن علي الجزائري الراشدي.</subfield>
	</datafield>
	<datafield ind1="3" ind2=" " tag="880">
		<subfield code="6">246-04</subfield>
		<subfield code="a">ابتسام الغروس ووشى الطروس في مناقب قطب الاقطاب والغوث الملتجا اليه بلا ارتياب السامي مقامه الذي انتشرت على آفاق البسيطة اعلامه المحي رياض العلوم الحقيقة بعد الدروس وحيد دهره وفريد عصره سيدي احمد بن عروس</subfield>
	</datafield>
	<datafield ind1=" " ind2=" " tag="880">
		<subfield code="6">250-05</subfield>
		<subfield code="a">الطبعة 1.</subfield>
	</datafield>
	<datafield ind1=" " ind2=" " tag="880">
		<subfield code="6">260-06</subfield>
		<subfield code="a">[تونس] :</subfield>
		<subfield code="b">مطبعة الدولة التونسية،</subfield>
		<subfield code="c">1303 [1885 or 1886]</subfield>
	</datafield>
	<datafield ind1=" " ind2=" " tag="959">
		<subfield code="a">NNU</subfield>
		<subfield code="b">WEB</subfield>
		<subfield code="c">GENI</subfield>
		<subfield code="t">0</subfield>
		<subfield code="m">Electronic access</subfield>
		<subfield code="s">01</subfield>
	</datafield>
	<datafield ind1=" " ind2=" " tag="999">
		<subfield code="i">NjP_857279</subfield>
		<subfield code="o">(OCoLC)ocm30141354</subfield>
		<subfield code="s">princeton_aco003551:</subfield>
		<subfield code="e">(ERROR-MISC)</subfield>
		<subfield code="s">princeton_aco003551:</subfield>
	</datafield>
</record>
